[gd_scene load_steps=5 format=2]

[ext_resource path="res://scripts/UI/settings/Settings.gd" type="Script" id=1]
[ext_resource path="res://scripts/UI/components/Slider.gd" type="Script" id=2]
[ext_resource path="res://scenes/UI/UIComponents/Toggle.tscn" type="PackedScene" id=3]
[ext_resource path="res://scenes/UI/UIComponents/Row.tscn" type="PackedScene" id=4]

[node name="Settings" type="CenterContainer"]
anchor_right = 1.0
anchor_bottom = 1.0
script = ExtResource( 1 )

[node name="Labels" type="VBoxContainer" parent="."]
margin_left = 298.0
margin_top = 287.0
margin_right = 902.0
margin_bottom = 387.0

[node name="Story" parent="Labels" instance=ExtResource( 4 )]
margin_top = 0.0
margin_right = 604.0
margin_bottom = 22.0

[node name="Label" parent="Labels/Story" index="0"]
text = "Story"

[node name="Toggle" parent="Labels/Story/Right" index="0" instance=ExtResource( 3 )]
anchor_bottom = 0.0
margin_top = 2.0
margin_right = 300.0
margin_bottom = 22.0
isToggled = true

[node name="SideConversations" parent="Labels" instance=ExtResource( 4 )]
margin_top = 26.0
margin_right = 604.0
margin_bottom = 48.0

[node name="Label" parent="Labels/SideConversations" index="0"]
text = "Side conversations"

[node name="Toggle" parent="Labels/SideConversations/Right" index="0" instance=ExtResource( 3 )]
anchor_bottom = 0.0
margin_top = 2.0
margin_right = 300.0
margin_bottom = 22.0
isToggled = true

[node name="Music" parent="Labels" instance=ExtResource( 4 )]
margin_top = 52.0
margin_right = 604.0
margin_bottom = 74.0

[node name="Label" parent="Labels/Music" index="0"]
text = "Music volume"

[node name="Slider" type="HSlider" parent="Labels/Music/Right" index="0"]
margin_top = 6.0
margin_right = 300.0
margin_bottom = 22.0
max_value = 1.0
step = 0.05
value = 1.0
script = ExtResource( 2 )

[node name="SFX" parent="Labels" instance=ExtResource( 4 )]
margin_top = 78.0
margin_right = 604.0
margin_bottom = 100.0

[node name="Label" parent="Labels/SFX" index="0"]
text = "Sound effects volume"

[node name="Slider" type="HSlider" parent="Labels/SFX/Right" index="0"]
margin_top = 6.0
margin_right = 300.0
margin_bottom = 22.0
max_value = 1.0
step = 0.05
value = 1.0
script = ExtResource( 2 )

[editable path="Labels/Story"]
[editable path="Labels/SideConversations"]
[editable path="Labels/Music"]
[editable path="Labels/SFX"]
