[gd_scene load_steps=10 format=2]

[ext_resource path="res://scripts/UI/components/PanelContainer.gd" type="Script" id=1]
[ext_resource path="res://scripts/UI/saving/SaveInformation.gd" type="Script" id=2]
[ext_resource path="res://scripts/UI/components/Label.gd" type="Script" id=3]
[ext_resource path="res://styles/PanelBase.tres" type="StyleBox" id=4]
[ext_resource path="res://fonts/mago3.ttf" type="DynamicFontData" id=5]
[ext_resource path="res://fonts/Abaddon Bold.ttf" type="DynamicFontData" id=6]

[sub_resource type="DynamicFont" id=3]
extra_spacing_top = -2
font_data = ExtResource( 5 )

[sub_resource type="DynamicFont" id=2]
extra_spacing_top = 4
font_data = ExtResource( 6 )

[sub_resource type="DynamicFont" id=4]
size = 24
extra_spacing_top = 6
font_data = ExtResource( 6 )

[node name="SaveInformation" type="MarginContainer"]
margin_left = 330.0
margin_top = 501.0
margin_right = 530.0
margin_bottom = 541.0
rect_min_size = Vector2( 450, 0 )
script = ExtResource( 2 )
side = 0

[node name="Panel" type="PanelContainer" parent="."]
margin_right = 450.0
margin_bottom = 117.0
custom_styles/panel = ExtResource( 4 )
script = ExtResource( 1 )

[node name="Labels" type="VBoxContainer" parent="Panel"]
margin_left = 50.0
margin_top = 2.0
margin_right = 400.0
margin_bottom = 117.0

[node name="SaveType" type="Label" parent="Panel/Labels"]
margin_right = 350.0
margin_bottom = 11.0
custom_colors/font_color = Color( 0.36, 0.94, 1, 1 )
custom_fonts/font = SubResource( 3 )
text = "Autosave"
align = 2
script = ExtResource( 3 )
font = "UIFont16"
color = "primaryColor"

[node name="Part" type="Label" parent="Panel/Labels"]
margin_top = 15.0
margin_right = 350.0
margin_bottom = 26.0
custom_colors/font_color = Color( 1, 0.97, 0.88, 0.52 )
custom_fonts/font = SubResource( 3 )
text = "Pt 1 - First Time Reunion"
script = ExtResource( 3 )
font = "UIFont16"
color = "secondaryTextColor"

[node name="Chapter" type="Label" parent="Panel/Labels"]
margin_top = 30.0
margin_right = 350.0
margin_bottom = 52.0
custom_colors/font_color = Color( 0.86, 0.65, 0.44, 1 )
custom_fonts/font = SubResource( 2 )
text = "1. When We Lose"
script = ExtResource( 3 )
font = "DialogFont16"
color = "titleColor"

[node name="Date" type="Label" parent="Panel/Labels"]
margin_top = 56.0
margin_right = 350.0
margin_bottom = 78.0
custom_colors/font_color = Color( 1, 0.97, 0.88, 1 )
custom_fonts/font = SubResource( 2 )
text = "August 15th. Eidum Platform, Sagala."
script = ExtResource( 3 )
font = "DialogFont16"
color = "textColor"

[node name="Mode" type="Label" parent="Panel/Labels"]
margin_top = 82.0
margin_right = 350.0
margin_bottom = 115.0
custom_colors/font_color = Color( 1, 0.97, 0.88, 1 )
custom_fonts/font = SubResource( 4 )
text = "Battle"
align = 2
script = ExtResource( 3 )
font = "DialogFont24"
color = "textColor"
