[gd_scene load_steps=6 format=2]

[ext_resource path="res://scenes/UI/skillTree/SkillUI.tscn" type="PackedScene" id=1]
[ext_resource path="res://scripts/UI/skillTree/SkillTree.gd" type="Script" id=2]
[ext_resource path="res://scripts/UI/skillTree/SkillLine.gd" type="Script" id=4]
[ext_resource path="res://sprites/skills/slashSkill.png" type="Texture" id=5]
[ext_resource path="res://sprites/skills/momentumSkill.png" type="Texture" id=7]


[node name="SkillTree" type="Control"]
anchor_right = 1.0
anchor_bottom = 1.0
script = ExtResource( 2 )
__meta__ = {
"_edit_use_anchors_": false
}
actorData = "Tara"

[node name="Line" type="Line2D" parent="."]
position = Vector2( 280.982, 182 )
points = PoolVector2Array( 0, 0, 0, 220 )
default_color = Color( 1, 1, 1, 1 )
texture_mode = 1
script = ExtResource( 4 )

[node name="Line2" type="Line2D" parent="."]
position = Vector2( 319.586, 439.6 )
points = PoolVector2Array( 0, 0, 130, 0 )
default_color = Color( 1, 1, 1, 1 )
texture_mode = 1
script = ExtResource( 4 )

[node name="Skills" type="Control" parent="."]
margin_left = -45.3571
margin_top = -80.6349
margin_right = -45.3571
margin_bottom = -80.6349
__meta__ = {
"_edit_use_anchors_": false
}

[node name="SheathSkill" parent="Skills" instance=ExtResource( 1 )]
anchor_left = -0.0283482
anchor_top = -0.118519
anchor_right = 0.971652
anchor_bottom = 0.881481
margin_left = 232.0
margin_top = 392.0
margin_right = -929.0
margin_bottom = -244.0
focus_neighbour_top = NodePath("../SlashSkill")
focus_neighbour_right = NodePath("../MomentumSkill")
focus_mode = 2
mouse_filter = 2
index = 5

[node name="MomentumSkill" parent="Skills" instance=ExtResource( 1 )]
anchor_left = -0.0283482
anchor_top = -0.118519
anchor_right = 0.971652
anchor_bottom = 0.881481
margin_left = 463.0
margin_top = 469.0
margin_right = -704.0
margin_bottom = -173.0
focus_neighbour_left = NodePath("../SheathSkill")
focus_mode = 2
mouse_filter = 2
texture = ExtResource( 7 )
index = 3

[node name="SlashSkill" parent="Skills" instance=ExtResource( 1 )]
anchor_left = -0.0283482
anchor_top = -0.118519
anchor_right = 0.971652
anchor_bottom = 0.881481
margin_left = 245.0
margin_top = 200.0
margin_right = -922.0
margin_bottom = -442.0
focus_neighbour_bottom = NodePath("../SheathSkill")
focus_mode = 2
mouse_filter = 2
texture = ExtResource( 5 )
index = 1
