[gd_scene load_steps=5 format=2]

[ext_resource path="res://scripts/UI/thoughts/ThoughtsContainer.gd" type="Script" id=1]
[ext_resource path="res://scenes/UI/thoughts/Thought.tscn" type="PackedScene" id=2]

[sub_resource type="Shader" id=1]
code = "shader_type canvas_item;
render_mode unshaded;

uniform float width: hint_range(0.0, 5.0);
uniform vec4 color;
uniform vec4 outlineColor: hint_color;

void fragment()
{
	float xSize = width / float(textureSize(TEXTURE, 0).x);
	float ySize = width / float(textureSize(TEXTURE, 0).y);
	vec4 spriteColor = texture(TEXTURE, UV);
	vec4 finalColor;
	
	if(spriteColor.a < 0.2)
	{
		float alpha = 0.0;
		
		alpha += texture(TEXTURE, UV + vec2(xSize, 0)).a;
		alpha += texture(TEXTURE, UV + vec2(-xSize, 0)).a;
		alpha += texture(TEXTURE, UV + vec2(0, ySize)).a;
		alpha += texture(TEXTURE, UV + vec2(0, -ySize)).a;
		alpha += texture(TEXTURE, UV + vec2(xSize, ySize)).a;
		alpha += texture(TEXTURE, UV + vec2(-xSize, -ySize)).a;
		alpha += texture(TEXTURE, UV + vec2(-xSize, ySize)).a;
		alpha += texture(TEXTURE, UV + vec2(xSize, -ySize)).a;
		
		finalColor = outlineColor;
		finalColor.a = min(alpha, outlineColor.a);
	}
	else
	{
		finalColor = spriteColor * color;
	}
	
	COLOR = finalColor;
}
"

[sub_resource type="ShaderMaterial" id=2]
shader = SubResource( 1 )
shader_param/width = 7
shader_param/color = Color( 0.33, 0.32, 0.42, 0.95 )
shader_param/outlineColor = Color( 0.36, 0.94, 1, 1 )

[node name="ThoughtsContainer" type="CenterContainer"]
visible = false
margin_top = 123.0
margin_right = 1200.0
margin_bottom = 637.0
rect_min_size = Vector2( 1200, 510 )
script = ExtResource( 1 )
__meta__ = {
"_edit_use_anchors_": false
}

[node name="Thoughts" type="VBoxContainer" parent="."]
margin_left = 375.0
margin_right = 825.0
margin_bottom = 514.0
custom_constants/separation = 50
alignment = 1
__meta__ = {
"_edit_use_anchors_": false
}

[node name="Thought" parent="Thoughts" instance=ExtResource( 2 )]
material = SubResource( 2 )
margin_left = 0.0
margin_top = 0.0
margin_right = 450.0
margin_bottom = 91.0

[node name="Thought2" parent="Thoughts" instance=ExtResource( 2 )]
material = SubResource( 2 )
margin_left = 0.0
margin_top = 141.0
margin_right = 450.0
margin_bottom = 232.0

[node name="Thought3" parent="Thoughts" instance=ExtResource( 2 )]
material = SubResource( 2 )
margin_left = 0.0
margin_top = 282.0
margin_right = 450.0
margin_bottom = 373.0

[node name="Thought4" parent="Thoughts" instance=ExtResource( 2 )]
material = SubResource( 2 )
margin_left = 0.0
margin_top = 423.0
margin_right = 450.0
margin_bottom = 514.0
